@misc{confinement,
  title = {A Note on the Confinement Problem},
  howpublished = {\url{https://www.microsoft.com/en-us/research/wp-content/uploads/2016/02/acrobat-24.pdf}},
  note = {Last Accessed: 2021-09-20}
}

@misc{mdpi,
  title = {Trends and Challenges in Network Covert Channels Countermeasures},
  howpublished = {\url{https://www.mdpi.com/2076-3417/11/4/1641/pdf}},
  note = {Last Accessed: 2021-09-20}
}

@misc{kamran,
  title = {Covert Channel Analysis and Data Hiding in TCP/IP},
  howpublished = {\url{http://www.security-science.com/pdf/covert-channel-analysis-and-data-hiding-in-tcp-ip.pdf}},
  note = {Last Accessed: 2021-09-20}
}

@misc{datatracker,
  title = {INTERNET PROTOCOL},
  howpublished = {\url{https://datatracker.ietf.org/doc/html/rfc791}},
  note = {Last Accessed: 2021-09-20}
}

@misc{rfceditor,
  title = {TRANSMISSION CONTROL PROTOCOL},
  howpublished = {\url{https://www.rfc-editor.org/rfc/pdfrfc/rfc793.txt.pdf}},
  note = {Last Accessed: 2021-09-20}
}

@misc{improvedpacket,
  title = {Improved Packet Reordering Metrics},
  howpublished = {\url{https://datatracker.ietf.org/doc/html/rfc5236}},
  note = {Last Accessed: 2021-09-20}
}

@misc{packetreordering,
  title = {A Study of Internet Packet Reordering},
  howpublished = {\url{https://doi.org/10.1007/978-3-540-25978-7_36}},
  note = {Last Accessed: 2021-09-20}
}

@misc{monday,
  title = {Covert Channels in the TCP/IP Protocol Suite},
  howpublished = {\url{https://firstmonday.org/ojs/index.php/fm/article/view/528/449}},
  note = {Last Accessed: 2021-09-20}
}
